@book {bitcoin,
	AUTHOR = {Arvind Narayanan and Joseph Bonneau and Edward  Felten and Andrew Miller and Steven Goldfeder},
	TITLE = {Bitcoin and cryptocurrency technologies: a comprehensive introduction},
	PUBLISHER = {Princeton University Press},
	ADDRESS = {Princeton, NJ, USA},
	YEAR = {2016},
	ISBN = {978-0-691-17169-2},
}

@misc{satoshi,
	added-at = {2014-04-17T08:33:06.000+0200},
	author = {Nakamoto, Satoshi},
	timestamp = {2014-04-17T08:33:06.000+0200},
	title = {Bitcoin: A peer-to-peer electronic cash system},
	url = {http://www.bitcoin.org/bitcoin.pdf},
	year = 2009
}

@ARTICLE{haber,
	author = {Stuart Haber and W. Scott Stornetta},
	title = {How to Time-stamp a Digital Document},
	journal = {Journal of Cryptology},
	year = {1991},
	volume = {3},
	pages = {99--111}
}


@inproceedings{zk-original,
	author = {Shafi Goldwasser and Silvio Micali and Charles Rackoff},
	title = {The knowledge complexity of interactive proof systems},
	journal = {SIAM Journal on computing},
	volume = {18},
	number = {1},
	pages = {186--208},
	year = {1989},
	publisher = {SIAM},
	url = {http://crypto.cs.mcgill.ca/~crepeau/COMP647/2007/TOPIC02/GMR89.pdf},
}

@techreport{zk-standarisation,
	author = {Jens Groth and Yael Kalai and Muthu Venkitasubramaniam and Nir Bitansky and Ran Canetti and Henry Corrigan-Gibbs and Shafi Goldwasser and Charanjit Jutla and Yuval Ishai and Rafail Ostrovsky and Omer Paneth and Tal Rabin and Mariana Raykova and Ron Rothblum and Alessandra Scafuro and Eran Tromer and Douglas Wikström},
	title = {Security Track Proceeding},
	series = {ZKProof Track Proceedings},
	institution= {ZKProof Standards},
	publisher = {ZKProof.org},
	address = {Berkeley, CA},
	year = {2018},
	month = {May},
	note = {\url{https://zkproof.org/documents.html}}
}

@article {circuits-shpilka,
	AUTHOR = {Amir Shpilka and Amir Yehudayoff},
	TITLE = {Arithmetic Circuits: A Survey of Recent Results and Open Questions},
	JOURNAL = {Foundations and Trends in Theoretical Computer Science},
	PUBLISHER = {Now, the essence of knowledge},
	YEAR = {2010},
	VOLUME = {5},
	NUMBER = {3-4},
	PAGES = {207-388},
	SERIES = {Foundations and Trends in Theoretical Computer Science}
}

@misc{pinnochio,
	author = {Bryan Parno and Craig Gentry and Jon Howell and Mariana Raykova},
	title = {Pinocchio: Nearly Practical Verifiable Computation},
	howpublished = {Cryptology ePrint Archive, Report 2013/279},
	year = {2013},
	url = {https://eprint.iacr.org/2013/279},
}

@misc{groth16,
	author = {Jens Groth},
	title = {On the Size of Pairing-based Non-interactive Arguments},
	howpublished = {Cryptology ePrint Archive, Report 2016/260},
	year = {2016},
	note = {\url{https://eprint.iacr.org/2016/260}},
}

@misc{aurora,
	author = {Eli Ben-Sasson and Alessandro Chiesa and Michael Riabzev and Nicholas Spooner and Madars Virza and Nicholas P. Ward},
	title = {Aurora: Transparent Succinct Arguments for R1CS},
	howpublished = {Cryptology ePrint Archive, Report 2018/828},
	year = {2018},
	note = {\url{https://eprint.iacr.org/2018/828}},
}


@inproceedings{groth10,
	title={Short Non-interactive Zero-Knowledge Proofs},
	author={Jens Groth},
	booktitle={ASIACRYPT},
	year={2010},
	note = {\url{https://www.iacr.org/archive/asiacrypt2010/6477343/6477343.pdf}},
}

@inproceedings{zcash,
	added-at = {2019-06-02T00:00:00.000+0200},
	author = {Ben-Sasson, Eli and Chiesa, Alessandro and Garman, Christina and Green, Matthew and Miers, Ian and Tromer, Eran and Virza, Madars},
	booktitle = {IEEE Symposium on Security and Privacy},
	isbn = {978-1-4799-4686-0},
	pages = {459-474},
	publisher = {IEEE Computer Society},
	timestamp = {2019-06-04T14:00:20.000+0200},
	title = {Zerocash: Decentralized Anonymous Payments from Bitcoin.},
	url = {http://dblp.uni-trier.de/db/conf/sp/sp2014.html#Ben-SassonCG0MTV14},
	year = 2014
	
}

@inproceedings{zcoin,
	added-at = {2018-11-14T00:00:00.000+0100},
	author = {Miers, Ian and Garman, Christina and Green, Matthew and Rubin, Aviel D.},
	booktitle = {IEEE Symposium on Security and Privacy},
	isbn = {978-1-4673-6166-8},
	pages = {397-411},
	publisher = {IEEE Computer Society},
	timestamp = {2018-11-15T17:15:50.000+0100},
	title = {Zerocoin: Anonymous Distributed E-Cash from Bitcoin.},
	url = {http://dblp.uni-trier.de/db/conf/sp/sp2013.html#MiersG0R13},
	year = 2013
}

@misc{coda,
	author = {Izaak Meckler and Evan Shapiro},
	publisher = {},
	title = {Coda:  Decentralized cryptocurrency at scale},
	note = {\url{https://cdn.codaprotocol.com/v2/static/coda-whitepaper-05-10-2018-0.pdf}},
	year = 2013
}

@inproceedings{recursive13,
	author = {Bitansky, Nir and Canetti, Ran and Chiesa, Alessandro and Tromer, Eran},
	title = {Recursive Composition and Bootstrapping for SNARKS and Proof-carrying Data},
	booktitle = {Proceedings of the Forty-fifth Annual ACM Symposium on Theory of Computing},
	series = {STOC '13},
	year = {2013},
	isbn = {978-1-4503-2029-0},
	location = {Palo Alto, California, USA},
	pages = {111--120},
	numpages = {10},
	url = {http://doi.acm.org/10.1145/2488608.2488623},
	doi = {10.1145/2488608.2488623},
	acmid = {2488623},
	publisher = {ACM},
	address = {New York, NY, USA},
	keywords = {delegation of computation, snargs, succinct arguments},
} 

@article{recursive17,
	author = {Ben-Sasson, Eli and Chiesa, Alessandro and Tromer, Eran and Virza, Madars},
	title = {Scalable Zero Knowledge Via Cycles of Elliptic Curves},
	journal = {Algorithmica},
	issue_date = {December  2017},
	volume = {79},
	number = {4},
	month = dec,
	year = {2017},
	issn = {0178-4617},
	pages = {1102--1160},
	numpages = {59},
	url = {https://doi.org/10.1007/s00453-016-0221-0},
	doi = {10.1007/s00453-016-0221-0},
	acmid = {3148396},
	publisher = {Springer-Verlag New York, Inc.},
	address = {Secaucus, NJ, USA},
	keywords = {Computationally-sound proofs, Elliptic curves, Proof-carrying data, Zero knowledge},
} 



@inproceedings{smartcontracts,
	author = {Wang, Shuai and Yuan, Yong and Wang, Xiao and Li, Juanjuan and Qin, Rui and Wang, Fei-Yue},
	year = {2018},
	month = {06},
	pages = {108-113},
	title = {An Overview of Smart Contract: Architecture, Applications, and Future Trends},
	doi = {10.1109/IVS.2018.8500488}
}

@inproceedings{bitcoin-anonymity-1,
	author = {Meiklejohn, Sarah and Pomarole, Marjori and Jordan, Grant and Levchenko, Kirill and McCoy, Damon and Voelker, Geoffrey M. and Savage, Stefan},
	title = {A Fistful of Bitcoins: Characterizing Payments Among Men with No Names},
	booktitle = {Proceedings of the 2013 Conference on Internet Measurement Conference},
	series = {IMC '13},
	year = {2013},
	isbn = {978-1-4503-1953-9},
	location = {Barcelona, Spain},
	pages = {127--140},
	numpages = {14},
	url = {http://doi.acm.org/10.1145/2504730.2504747},
	doi = {10.1145/2504730.2504747},
	acmid = {2504747},
	publisher = {ACM},
	address = {New York, NY, USA},
	keywords = {anonymity, bitcoin, measurement},
} 

@inproceedings{bitcoin-anonymity-2,
	author="Koshy, Philip
	and Koshy, Diana
	and McDaniel, Patrick",
	editor="Christin, Nicolas
	and Safavi-Naini, Reihaneh",
	title="An Analysis of Anonymity in Bitcoin Using P2P Network Traffic",
	booktitle="Financial Cryptography and Data Security",
	year="2014",
	publisher="Springer Berlin Heidelberg",
	address="Berlin, Heidelberg",
	pages="469--485",
}


@MISC{rollup,
	author = {Barry WhiteHat},
	title = {Roll-up token: SNARK-based multi-ERC20 side chain},
	year = {July 11, 2019},
	note = {\url{https://github.com/barryWhiteHat/roll_up_token}},
}

@INPROCEEDINGS{scalability,
	author={Z. {Zheng} and S. {Xie} and H. {Dai} and X. {Chen} and H. {Wang}},
	booktitle={2017 IEEE International Congress on Big Data (BigData Congress)},
	title={An Overview of Blockchain Technology: Architecture, Consensus, and Future Trends},
	year={2017},
	volume={},
	number={},
	pages={557-564},
	doi={10.1109/BigDataCongress.2017.85},
	ISSN={},
	month={June},
}

@misc{starks,
	author = {Eli Ben-Sasson and Iddo Bentov and Yinon Horesh and Michael Riabzev},
	title = {Scalable, transparent, and post-quantum secure computational integrity},
	howpublished = {Cryptology ePrint Archive, Report 2018/046},
	year = {2018},
	note = {\url{https://eprint.iacr.org/2018/046}},
}

@misc{bulletproofs,
	author = {Benedikt Bünz and Jonathan Bootle and Dan Boneh and Andrew Poelstra and Pieter Wuille and Greg Maxwell},
	title = {Bulletproofs: Short Proofs for Confidential Transactions and More},
	howpublished = {Cryptology ePrint Archive, Report 2017/1066},
	year = {2017},
	note = {\url{https://eprint.iacr.org/2017/1066}},
}

@misc{sonic,
	author = {Mary Maller and Sean Bowe and Markulf Kohlweiss and Sarah Meiklejohn},
	title = {Sonic: Zero-Knowledge SNARKs from Linear-Size Universal and Updateable Structured Reference Strings},
	howpublished = {Cryptology ePrint Archive, Report 2019/099},
	year = {2019},
	note = {\url{https://eprint.iacr.org/2019/099}},
}

@misc{plonk,
	author = {Ariel Gabizon and Zachary J. Williamson and Oana Ciobotaru},
	title = {PLONK: Permutations over Lagrange-bases for Oecumenical Noninteractive arguments of Knowledge},
	howpublished = {Cryptology ePrint Archive, Report 2019/953},
	year = {2019},
	note = {\url{https://eprint.iacr.org/2019/953}},
}

@misc{gabizon,
	author = {Sean Bowe and Ariel Gabizon and Ian Miers},
	title = {Scalable Multi-party Computation for zk-SNARK Parameters in the Random Beacon Model},
	howpublished = {Cryptology ePrint Archive, Report 2017/1050},
	year = {2017},
	note = {\url{https://eprint.iacr.org/2017/1050}},
}

@misc{spartan,
	author = {Srinath Setty},
	title = {Spartan: Efficient and general-purpose zkSNARKs without trusted setup},
	howpublished = {Cryptology ePrint Archive, Report 2019/550},
	year = {2019},
	note = {\url{https://eprint.iacr.org/2019/550}},
}

@misc{no-ts,
	author = {Riad S. Wahby and Ioanna Tzialla and abhi shelat and Justin Thaler and Michael Walfish},
	title = {Doubly-efficient zkSNARKs without trusted setup},
	howpublished = {Cryptology ePrint Archive, Report 2017/1132},
	year = {2017},
	note = {\url{https://eprint.iacr.org/2017/1132}},
}




@misc{cryptoeprint:2016:263,
	author = {Jonathan Bootle, Andrea Cerulli, Pyrros Chaidos, Jens Groth, Christophe Petit},
	title = {Efficient Zero-Knowledge Arguments for Arithmetic Circuits in the Discrete Log Setting},
	howpublished = {Cryptology ePrint Archive, Report 2016/263},
	year = {2016},
	note = {\url{https://eprint.iacr.org/2016/263}},
}


@misc{vonneumann,
	author = {Eli Ben-Sasson and Alessandro Chiesa and Eran Tromer and Madars Virza},
	title = {Succinct Non-Interactive Zero Knowledge for a von Neumann Architecture},
	howpublished = {Cryptology ePrint Archive, Report 2013/879},
	year = {2013},
	note = {\url{https://eprint.iacr.org/2013/879}},
}


@phdthesis{thesis,
		author = {Nitulescu, Anca},
		year = {2019},
		month = {04},
		pages = {},
		title = {A tale of SNARKs: quantum resilience, knowledge extractability and data privacy}
}


@unpublished {sapling,
	AUTHOR = {Daira Hopwood and Sean Bowe and Taylor Hornby and Nathan Wilcox},
	TITLE = {ZCash protocol specification Version 2019.0.0 [Overwinter+Sapling]},
	NOTE = {\url{https://github.com/zcash/zips/blob/master/protocol/protocol.pdf}},
	PUBLISHER = {Technical report, Zero Coin Electric Coin Company},
	YEAR = {May 1, 2019},
}




@article{formulae,
	author  = {Daniel J. Bernstein and Tanja Lange}, 
	title   = {Faster addition and doubling on elliptic curves},
	journal = {Advances in cryptology—ASIACRYPT 2007, 13th international conference on the theory and application of cryptology and information security, Kuching, Malaysia, December 2–6, 2007, proceedings},
	publisher = {Springer},
	series = {Lecture Notes in Computer Science},
	year    = 2007,
	number  = 4833,
	pages   = {29-50},
	note    = {\url{http://cr.yp.to/newelliptic/newelliptic-20070906.pdf}},
}

@misc{cryptoeprint:2017:872,
	author = {Jonathan Bootle and Andrea Cerulli and Essam Ghadafi and Jens Groth and Mohammad Hajiabadi and Sune K. Jakobsen},
	title = {Linear-Time Zero-Knowledge Proofs for Arithmetic Circuit Satisfiability},
	howpublished = {Cryptology ePrint Archive, Report 2017/872},
	year = {2017},
	note = {\url{https://eprint.iacr.org/2017/872}},
}

@MISC{mimc,
	author = {Martin Albrecht and Lorenzo Grassi and Christian Rechberger and Arnab Roy and Tyge Tiessen},
	title = {MiMC: Efficient Encryption and Cryptographic Hashing with Minimal Multiplicative Complexity},
	howpublished = {Cryptology ePrint Archive, Report 2016/492},
	year = {2016},
	note = {\url{https://eprint.iacr.org/2016/492}},
}

@MISC{cryptoeprint:2008:013,
	author = {Daniel J. Bernstein and Peter Birkner and Marc Joye and Tanja Lange and Christiane Peters},
	title = {Twisted Edwards Curves},
	howpublished = {Cryptology ePrint Archive, Report 2008/013},
	year = {March 13, 2008},
	note = {\url{https://eprint.iacr.org/2008/013}},
}

@inproceedings{Okeya:2000:ECM:648117.746614,
	author = {Katsuyuki Okeya and Hiroyuki Kurumatani and Kouichi Sakurai},
	title = {Elliptic Curves with the Montgomery-Form and Their Cryptographic Applications},
	booktitle = {Proceedings of the Third International Workshop on Practice and Theory in Public Key Cryptography: Public Key Cryptography},
	series = {PKC '00},
	year = {2000},
	isbn = {3-540-66967-1},
	pages = {238--257},
	numpages = {20},
	url = {http://dl.acm.org/citation.cfm?id=648117.746614},
	acmid = {746614},
	publisher = {Springer-Verlag},
	address = {London, UK, UK},
} 

@book {lagrange,
	AUTHOR = {Benjamin Baumslag and Bruce Chandler},
    TITLE = {Schaum's outline of Theory and Problems of Group Theory},
 	PUBLISHER = {McGraw-Hill Book Company},
    SERIES   = {Schaum's outline series},
    VOLUME   = {},
   	ADDRESS = {New York},
    YEAR = {1968},
	PAGES ={110},
	NOTE = {\url{http://poincare.matf.bg.ac.rs/~zarkom/Book_Shaums_Group_theory.pdf}},
}

@book{koblitz,
	author = {Koblitz, Neal},
	title = {A Course in Number Theory and Cryptography},\\
	edition ={2},
	year = {1994},
	isbn = {0-387-94293-9},
	series   = {Graduate Texts in Mathematics},
	publisher = {Springer-Verlag},
	address = {Berlin, Heidelberg},
} 

@unpublished {safe-curves,
	AUTHOR = {Daniel J. Bernstein and Tanja Lange},
	TITLE = {SafeCurves: choosing safe curves for elliptic-curve cryptography},
	NOTE = {\url{https://safecurves.cr.yp.to}},
	YEAR = {Accessed February 25, 2019},
}    
  
@misc{generation-baby,
	series =	{Request for Comments},
	number =	7748,
	howpublished =	{RFC 7748},
	publisher =	{RFC Editor},
	doi =		{10.17487/RFC7748},
	note =		{\url{https://rfc-editor.org/rfc/rfc7748.txt}},
	author =	{Adam Langley and Mike Hamburg and Sean Turner},
	title =		{{Elliptic Curves for Security}},
	pagetotal =	22,
	year =		{January, 2016},
}

@book{washington,
	author ={Lawrence C. Washington},
	title ={Elliptic Curves. Number theory and cryptography},
	edition ={2},
	publisher ={Chapman \& Hall/CRC Press},
	address ={United States of America},
	year ={2008},
}

@book {silverman,
	AUTHOR = {Silverman, Joseph H.},
	TITLE = {The Arithmetic of Elliptic Curves},
	PUBLISHER = {Springer},
	SERIES   = {Graduate Texts in Mathematics},
	VOLUME   = {106},
	ADDRESS = {New York},
	YEAR = {1994},
}

@book {fulton,
	AUTHOR = {William Fulton},
	TITLE = {Algebraic curves. An introduction to algebraic geometry},
	howpublished = "\url{http://www.math.lsa.umich.edu/~wfulton/CurveBook.pdf}",
	YEAR = {2008}
}

@book {seroussi,
	AUTHOR = {Ian Blake and Gadiel Seroussi and Nigel Smart},
	TITLE = {Elliptic Curves in Cryptography},
	PUBLISHER = {Cambridge University Press},
	SERIES   = {London Mathematical Society Lecture Note Series},
	VOLUME   = {256},
	ADDRESS = {Cambridge},
	YEAR = {1999},
}

@article{formulae,
	author  = {Daniel J. Bernstein and Tanja Lange}, 
	title   = {Faster addition and doubling on elliptic curves},
	journal = {Advances in cryptology—ASIACRYPT 2007, 13th international conference on the theory and application of cryptology and information security, Kuching, Malaysia, December 2–6, 2007, proceedings},
	publisher = {Springer},
	series = {Lecture Notes in Computer Science},
	year    = 2007,
	number  = 4833,
	pages   = {29-50},
	note    = {\url{http://cr.yp.to/newelliptic/newelliptic-20070906.pdf}},
}

@article{montgomery,
	author = {L. Montgomery, Peter},
	year = {1987},
	month = {01},
	pages = {243-243},
	title = {Montgomery, P.L.: Speeding the Pollard and Elliptic Curve Methods of Factorization},
	volume = {48},
	journal = {Mathematics of Computation - Math. Comput.},
	doi = {10.1090/S0025-5718-1987-0866113-7}
}

@Inproceedings{pinocchio,
	author = {Parno, Bryan and Howell, Jon and Gentry, Craig and Raykova, Mariana},
	title = {Pinocchio: Nearly Practical Verifiable Computation},
	booktitle = {Proceedings of the IEEE Symposium on Security and Privacy},
	year = {2013},
	month = {May},
	publisher = {IEEE},
	url = {https://www.microsoft.com/en-us/research/publication/pinocchio-nearly-practical-verifiable-computation/},
	edition = {Proceedings of the IEEE Symposium on Security and Privacy},
	note = {Best Paper Award},
}



@misc{timmy,
	author = {Timmy Weerwag},
	title = {Verifying an elliptic curve cryptographic algorithm
	using Coq and the Ssreflect extension},
	address = {Radboud University},
	year = {2016},
	note = {\url{https://www.ru.nl/publish/pages/813276/weerwag_timmy_-1a.pdf}},
}

@misc{eddsa,
	title = {Edwards-Curve Digital Signature Algorithm (EdDSA)},
	author = {S. Josefsson and I. Liusvaara},
	series =	{Request for Comments},
	number =	8032,
	year = {January, 2017},
	note = {\url{https://tools.ietf.org/html/8032}},
}

@misc{indist,
	author = {Daniel J. Bernstein and Mike Hamburg and Anna Krasnova and Tanja Lange},
	title = {Elligator: Elliptic-curve points indistinguishable from uniform random strings},
	howpublished = {Cryptology ePrint Archive, Report 2013/325},
	year = {2013},
	note = {\url{https://eprint.iacr.org/2013/325}},
}

@misc{scaling,
	author = {Huseyin Hisil and Kenneth Koon-Ho Wong and Gary Carter and Ed Dawson},
	title = {Twisted Edwards Curves Revisited},
	howpublished = {Cryptology ePrint Archive, Report 2008/522},
	year = {2008},
	note = {\url{https://eprint.iacr.org/2008/522}},
}


@MISC {pedersen-gen,
	AUTHOR = {B. Libert and F. Mouhartem and D. Stehlé},
	TITLE = {Tutorial 8},
	NOTE = {Notes from the Master Course Cryptology and Security at the École normale supérieure de Lyon, \url{https://fmouhart.epheme.re/Crypto-1617/TD08.pdf}},
	YEAR = {1016-17},
}

@article{fabric_paper,
  author    = {Elli Androulaki and
               Artem Barger and
               Vita Bortnikov and
               Christian Cachin and
               Konstantinos Christidis and
               Angelo De Caro and
               David Enyeart and
               Christopher Ferris and
               Gennady Laventman and
               Yacov Manevich and
               Srinivasan Muralidharan and
               Chet Murthy and
               Binh Nguyen and
               Manish Sethi and
               Gari Singh and
               Keith Smith and
               Alessandro Sorniotti and
               Chrysoula Stathakopoulou and
               Marko Vukolic and
               Sharon Weed Cocco and
               Jason Yellick},
  title     = {Hyperledger Fabric: {A} Distributed Operating System for Permissioned
               Blockchains},
  journal   = {CoRR},
  volume    = {abs/1801.10228},
  year      = {2018},
  url       = {http://arxiv.org/abs/1801.10228},
  archivePrefix = {arXiv},
  eprint    = {1801.10228},
  timestamp = {Mon, 13 Aug 2018 16:46:46 +0200},
  biburl    = {https://dblp.org/rec/bib/journals/corr/abs-1801-10228},
  bibsource = {dblp computer science bibliography, https://dblp.org}
}

@misc{fabric_doc,
    title={Hyperledger Fabric Documentation },
  	note = {\url{https://hyperledger-fabric.readthedocs.io/en/release-1.4/whatis.html#privacy-and-confidentiality}},
    urldate={2020-01-10},
    }


@online{gdpr,
	author = {{European Parliament}},
	title = {Regulation (EU) 2016/679 of the European Parliament and repealing Directive 95/46/EC (General Data Protection Regulation)},
	url = {http://eur-lex.europa.eu/legal-content/EN/ALL/?uri=CELEX:32016R0679},
	month = apr,
	year = 2016
}

@InProceedings{Merkle89,
Author = {R.C. Merkle},
Title = {A certified digital signature},
Booktitle = {Advances in Cryptology {(CRYPTO89)}. Lecture Notes in Computer 
Science},
Number = {435},
Pages = {234-246},
Publisher = sv,
Year = {1989},
Url = {data/Merkle89.pdf},
}

@misc{circom,
    author = {iden3},
    title = {Circom},
    note = {\url{https://github.com/iden3/circom}},
    year = 2019
}

@misc{snarkjs,
    author = {iden3},
    title = {snarkjs: JavaScript implementation of zkSNARKs},
    note = {\url{https://github.com/iden3/snarkjs}},
    year = 2019
}