@MISC{github-barry,
	author = {Barry White Hat},
	title = {Baby-Jubjub supporting evidence},
	howpublished = {GitHub},
	year = {October 19, 2018},
	note = {\url{https://github.com/barryWhiteHat/baby_jubjub}},
}

@MISC{twisted,
	author = {Daniel J. Bernstein and Peter Birkner and Marc Joye and Tanja Lange and Christiane Peters},
	title = {Twisted Edwards Curves},
	howpublished = {Cryptology ePrint Archive, Report 2008/013},
	year = {March 13, 2008},
	note = {\url{https://eprint.iacr.org/2008/013}},
}

@inproceedings{montgomery,
	author = {Katsuyuki Okeya and Hiroyuki Kurumatani and Kouichi Sakurai},
	title = {Elliptic Curves with the Montgomery-Form and Their Cryptographic Applications},
	booktitle = {Proceedings of the Third International Workshop on Practice and Theory in Public Key Cryptography: Public Key Cryptography},
	series = {PKC '00},
	year = {2000},
	isbn = {3-540-66967-1},
	pages = {238--257},
	numpages = {20},
	url = {http://dl.acm.org/citation.cfm?id=648117.746614},
	acmid = {746614},
	publisher = {Springer-Verlag},
	address = {London, UK, UK},
} 

@MISC{operations-cost,
	author = {Daniel J. Bernstein and Peter Birkner and Marc Joye and Tanja Lange and Christiane Peters},
	title = {Twisted Edwards Curves},
	howpublished = {Cryptology ePrint Archive, Report 2008/013},
	year = {March 13, 2008},
	note = {\url{http://hyperelliptic.org/EFD/g1p/index.html}},
}

@book {lagrange,
	AUTHOR = {Benjamin Baumslag and Bruce Chandler},
    TITLE = {Schaum's outline of Theory and Problems of Group Theory},
 	PUBLISHER = {McGraw-Hill Book Company},
    SERIES   = {Schaum's outline series},
    VOLUME   = {},
   	ADDRESS = {New York},
    YEAR = {1968},
	PAGES ={110},
	NOTE = {\url{http://poincare.matf.bg.ac.rs/~zarkom/Book_Shaums_Group_theory.pdf}},
}

@unpublished {sapling,
   	AUTHOR = {Daira Hopwood and Sean Bowe and Taylor Hornby and Nathan Wilcox},
	TITLE = {ZCash protocol specification Version 2018.0-beta-31},
	NOTE = {\url{https://github.com/zcash/zips/blob/master/protocol/sapling.pdf}},
   	YEAR = {November 14, 2018},
}    

@MISC {pedersen-gen,
	AUTHOR = {B. Libert and F. Mouhartem and D. Stehlé},
	TITLE = {Tutorial 8},
	NOTE = {Notes from the Master Course Cryptology and Security at the École normale supérieure de Lyon, \url{https://fmouhart.epheme.re/Crypto-1617/TD08.pdf}},
	YEAR = {1016-17},
}

@unpublished {safe-curves,
	AUTHOR = {Daniel J. Bernstein and Tanja Lange},
	TITLE = {SafeCurves: choosing safe curves for elliptic-curve cryptography},
	NOTE = {\url{https://safecurves.cr.yp.to}},
	YEAR = {Accessed February 25, 2018},
}    
  
